@misc{matlab,
  title = {\textbf{{Matlab} homepage}},
  howpublished = {\url{https://it.mathworks.com/products/matlab.html}},
  note = {Last accessed \today}
}
@misc{femm,
  title = {\textbf{{FEMM} homepage}},
  howpublished = {\url{https://www.femm.info/wiki/HomePage}},
  note = {Last accessed \today}
}
@misc{eurogroup,
  title = {\textbf{{Euro Group} lamination catalouge}},
  howpublished = {\url{https://catalogo.euro-group.it}},
  note = {Last accessed \today}
}
@misc{dahrengroup,
  title = {\textbf{{Dahrengroup} homepage}},
  howpublished = {\url{https://www.dahrengroup.com}},
  note = {Last accessed \today}
}
@article{article1,
author = {Boglietti, Aldo and Cavagnino, A. and Lazzari, M. and Pastorelli, M.},
year = {2003},
month = {08},
pages = {945 - 952},
title = {A Simplified Thermal Model for Variable-Speed Self-Cooled Industrial Induction Motor},
volume = {39},
journal = {Industry Applications, IEEE Transactions on},
doi = {10.1109/TIA.2003.814555}
}
@misc{cibas,
  title = {\textbf{{Cibas} homepage}},
  howpublished = {\url{http://www.cibas.it}},
  note = {Last accessed \today}
}
@misc{colab,
  title = {\textbf{{Google Colab} homepage}},
  howpublished = {\url{colab.research.google.com}},
  note = {Last accessed \today}
}
@misc{python,
  title = {\textbf{{Python} homepage}},
  howpublished = {https://www.python.org}},
  note = {Last accessed \today}
}
@misc{tensorflow,
  title = {\textbf{{Python} homepage}},
  howpublished = {https://www.tensorflow.org}},
  note = {Last accessed \today}
}
@misc{pandas,
  title = {\textbf{{Python} homepage}},
  howpublished = {https://pandas.pydata.org}},
  note = {Last accessed \today}
}
@misc{sklearn,
  title = {\textbf{{scikit-learn} homepage}},
  howpublished = {https://scikit-learn.org}},
  note = {Last accessed \today}
}
@misc{matplotlib,
  title = {\textbf{{Matplotlib} homepage}},
  howpublished = {https://matplotlib.org}},
  note = {Last accessed \today}
}
@misc{keras,
  title = {\textbf{{Keras} homepage}},
  howpublished = {https://keras.io}},
  note = {Last accessed \today}
}
@article{article_figura_pmsm,
author = {Ali, Hazrat and Adil, Muhammad and Khan, Hasham},
year = {2019},
month = {10},
pages = {},
title = {Digital proportional amplifier of linear DC electromagnet},
volume = {10},
journal = {International Journal of Scientific and Engineering Research}
}
@misc{pmsm_review,
  title = {\textbf{{Dmitry Levkin} Permanent magnet synchronous motor}},
  howpublished = {https://en.engineering-solutions.ru/motorcontrol/pmsm/}},
  note = {Last accessed \today}
}
@misc{MUNER,
  title = {\textbf{{MUNER} homepage}},
  howpublished = {https://en.engineering-solutions.ru/motorcontrol/pmsm/}},
  note = {Last accessed \today}
}
@misc{Kaggle,
  title = {\textbf{{Kaggle} homepage}},
  howpublished = {https://www.kaggle.com}},
  note = {Last accessed \today}
}
@misc{Github,
  title = {\textbf{{Github} homepage}},
  howpublished = {https://github.com}},
  note = {Last accessed \today}
}